@book{hull2006options,
  author    = {Hull, John C.},
  title     = {Options, Futures, and Other Derivatives},
  edition   = {6th},
  publisher = {Pearson Prentice Hall},
  address   = {Upper Saddle River, NJ},
  year      = {2006},
}

@article{kemna1990pricing,
  author    = {Kemna, Angelien G.\ Z. and Vorst, Antonio C.\ F.},
  title     = {Pricing Options on Average Asset Values},
  journal   = {Journal of Banking \& Finance},
  volume    = {14},
  number    = {1},
  pages     = {113--129},
  publisher = {Elsevier},
  year      = {1990},
}

@book{kissell2013science,
  author    = {Kissell, Robert},
  title     = {The Science of Algorithmic Trading and Portfolio Management},
  publisher = {Academic Press},
  address   = {Waltham, MA},
  year      = {2013},
}

@article{konishi2002optimal,
  author    = {Konishi, Hisashi},
  title     = {Optimal Slice of a {VWAP} Trade},
  journal   = {Journal of Financial Markets},
  volume    = {5},
  number    = {2},
  pages     = {197--221},
  publisher = {Elsevier},
  year      = {2002},
}

@article{almgren2001optimal,
  author  = {Almgren, Robert and Chriss, Neil},
  title   = {Optimal Execution of Portfolio Transactions},
  journal = {Journal of Risk},
  volume  = {3},
  number  = {2},
  pages   = {5--40},
  year    = {2001},
}

@article{black1976pricing,
  author    = {Black, Fischer},
  title     = {The Pricing of Commodity Contracts},
  journal   = {Journal of Financial Economics},
  volume    = {3},
  number    = {1--2},
  pages     = {167--179},
  publisher = {Elsevier},
  year      = {1976},
}

@article{blackscholes1973pricing,
  author    = {Black, Fischer and Scholes, Myron},
  title     = {The Pricing of Options and Corporate Liabilities},
  journal   = {Journal of Political Economy},
  volume    = {81},
  number    = {3},
  pages     = {637--654},
  publisher = {The University of Chicago Press},
  year      = {1973},
}

@article{merton1973theory,
  author    = {Merton, Robert C.},
  title     = {Theory of Rational Option Pricing},
  journal   = {Bell Journal of Economics and Management Science},
  volume    = {4},
  number    = {1},
  pages     = {141--183},
  publisher = {RAND Corporation},
  year      = {1973},
}